@article{Cameron2015,
abstract = {In this paper we present an up-to-date literature review on employment opportunities associated with the deployment of renewable energy technology. We identified approximately 70 studies and data sources published over the past decade that report analysed or observed employment impacts of renewable energy growth. These publications cover many different countries and several technology options, and present widely varying results derived from distinct methodological approaches. Our first overall conclusion is that there is clear lack of authenticity of findings in this literature, since recursive referencing abounds and relatively few studies yield truly original research. When we omit non-authentic analyses, as well as those that aggregate results in a way that does not allow us to calculate ‘employment factors' (defined as the number of jobs or amount of work generated per unit of electricity production capacity), the total list of references is brought to 31 independent items. Of these, only 14 references provide separate estimates of the employment factors for the stages of manufacturing and installation, respectively, as opposed to employment factors for these two activities combined. A total of 23 items provide values for operation and maintenance employment factors. We observe significant uncertainties in quoted figures for job creation, both across and within publications.},
author = {Cameron, Lachlan and van der Zwaan, Bob},
doi = {10.1016/j.rser.2015.01.001},
file = {:Users/quentin/Documents/Mendeley Desktop/Cameron, van der Zwaan/Cameron, van der Zwaan - 2015 - Employment factors for wind and solar energy technologies A literature review.pdf:pdf},
issn = {13640321},
journal = {Renewable and Sustainable Energy Reviews},
pages = {160--172},
publisher = {Elsevier},
title = {{Employment factors for wind and solar energy technologies: A literature review}},
url = {http://linkinghub.elsevier.com/retrieve/pii/S1364032115000118},
volume = {45},
year = {2015}
}
@techreport{OCDE2015,
author = {OCDE},
title = {{Rapport accompagnant l'inventaire OCDE des mesures de soutien pour les combustibles fossiles}},
url = {http://www.oecd.org/fr/environnement/rapport-accompagnant-l-inventaire-ocde-des-mesures-de-soutien-pour-les-combustibles-fossiles-9789264243583-fr.htm},
year = {2015}
}
@article{Su2012,
author = {Su, Bin and Ang, Beng Wah},
doi = {10.1016/j.eneco.2011.10.009},
file = {:Users/quentin/Documents/Mendeley Desktop/Su, Ang/Su, Ang - 2012 - Structural decomposition analysis applied to energy and emissions Some methodological developments.pdf:pdf},
issn = {01409883},
journal = {Energy Economics},
keywords = {Exact decomposition,Ideal decomposition,Index decomposition analysis,Input–output analysis,Structural decomposition analysis,index decomposition analysis,input,output analysis,structural decomposition analysis},
month = {jan},
number = {1},
pages = {177--188},
publisher = {Elsevier B.V.},
title = {{Structural decomposition analysis applied to energy and emissions: Some methodological developments}},
url = {http://linkinghub.elsevier.com/retrieve/pii/S0140988311002374},
volume = {34},
year = {2012}
}
@article{Xu2014,
abstract = {The aim of this study is to quantify the driving forces behind the growth of carbon dioxide emissions embodied in trade (EET). The World Input-output Database is used to estimate EET in 40 countries during 1995-2007 after which a structural decomposition analysis is applied. To avoid biases in the results, we have used the input-output tables in previous year's prices and chained the outcomes. In many developed countries, the growth of emissions embodied in imports is much higher than the growth of emissions embodied in exports. A key reason for this finding is the change in the structure of trade, both in intermediate and in final products. Emerging economies like the BRIC countries have increased their share in production and trade at the expense of developed countries. Producers and consumers in developed countries have shifted towards importing a larger share of products from emerging countries. This is the distinguishing feature that led to an increase of emissions embodied in imports for developed countries and an increase of emissions embodied in exports for emerging countries. These results suggest policy makers to monitor EET more carefully and take the effects of trade on emissions into consideration. {\textcopyright} 2014 Elsevier B.V.},
author = {Xu, Yan and Dietzenbacher, Erik},
doi = {10.1016/j.ecolecon.2014.02.015},
file = {:Users/quentin/Documents/Mendeley Desktop/Xu, Dietzenbacher/Xu, Dietzenbacher - 2014 - A structural decomposition analysis of the emissions embodied in trade.pdf:pdf},
isbn = {0921-8009},
issn = {09218009},
journal = {Ecological Economics},
keywords = {Emissions embodied in trade,Global multi-regional input-output model,Structural decomposition analysis,World input-output database},
pages = {10--20},
publisher = {Elsevier B.V.},
title = {{A structural decomposition analysis of the emissions embodied in trade}},
url = {http://dx.doi.org/10.1016/j.ecolecon.2014.02.015},
volume = {101},
year = {2014}
}
@book{Miller2009,
author = {Miller, Ronald E. and Blair, Peter D.},
publisher = {Cambridge University Press},
title = {{Input-Output Analysis, Foundations and Extensions}},
year = {2009}
}
@article{Gauthier,
author = {Gauthier, Emilie Salesse},
file = {:Users/quentin/Documents/Mendeley Desktop/Gauthier/Gauthier - Unknown - Recensement des diff{\'{e}}rentes {\'{e}}tudes et donn{\'{e}}es sur les perspectives d ' emploi li{\'{e}}es {\`{a}} l ' am{\'{e}}liora.pdf:pdf},
title = {{Recensement des diff{\'{e}}rentes {\'{e}}tudes et donn{\'{e}}es sur les perspectives d ' emploi li{\'{e}}es {\`{a}} l ' am{\'{e}}lioration de l ' efficacit{\'{e}} {\'{e}}nerg{\'{e}}tique et les {\'{e}}nergies renouvelables R{\'{e}}alisation}}
}
@techreport{EY2015,
author = {EY},
file = {:Users/quentin/Documents/Mendeley Desktop/EY/EY - 2015 - Benchmark des {\'{e}}tudes et outils macro{\'{e}}conomiques emploi-croissance et {\'{e}}conomies de CO2.pdf:pdf},
institution = {Etude pour l'ADEME},
title = {{Benchmark des {\'{e}}tudes et outils macro{\'{e}}conomiques emploi-croissance et {\'{e}}conomies de CO2}},
year = {2015}
}
@article{Sato2015,
abstract = {One of the central debates surrounding the design of the European Union Emissions Trading Scheme is the approach to address carbon leakage concerns. Correctly identifying the economic activities exposed to the risk of carbon leakage represents the first step in mitigating the risk effectively. This paper assesses the robustness of the quantitative assessment criteria used by the European Commission for Phase 3. For example we apply the criteria to data for UK and Germany and compare the results with the Commissions' assessment conducted at the aggregated EU level. This reveals that sectors' exposure risk to carbon leakage can vary across different Member States due to differences in production processes, technologies and fuel mix; process emissions; recycling rate differences; product mix differences; sector classification, statistical boundaries, activity allocation differences; and finally difference in data quality. Overall, we find that relative carbon intensity of sectors, measured as cost increase relative to gross value added, provides a robust metric. The analysis also highlights the importance of using high quality and disaggregated data for this assessment.},
author = {Sato, Misato and Neuhoff, Karsten and Graichen, Verena and Schumacher, Katja and Matthes, Felix},
doi = {10.1007/s10640-014-9759-y},
issn = {1573-1502},
journal = {Environmental and Resource Economics},
number = {1},
pages = {99--124},
title = {{Sectors Under Scrutiny: Evaluation of Indicators to Assess the Risk of Carbon Leakage in the UK and Germany}},
url = {http://dx.doi.org/10.1007/s10640-014-9759-y},
volume = {60},
year = {2015}
}
@article{Ang2007,
author = {Ang, Beng Wah and Liu, Na},
doi = {10.1016/j.enpol.2006.04.020},
file = {:Users/quentin/Documents/Mendeley Desktop/Ang, Liu/Ang, Liu - 2007 - Energy decomposition analysis IEA model versus other methods.pdf:pdf},
issn = {03014215},
journal = {Energy Policy},
keywords = {energy indicators,index decomposition analysis,laspeyres index},
month = {mar},
number = {3},
pages = {1426--1432},
title = {{Energy decomposition analysis: IEA model versus other methods}},
url = {http://linkinghub.elsevier.com/retrieve/pii/S030142150600190X},
volume = {35},
year = {2007}
}
@article{Renewable2013,
author = {Renewable, International and Agency, Energy},
file = {:Users/quentin/Documents/Mendeley Desktop/Renewable, Agency/Renewable, Agency - 2013 - Renewable Energy and Jobs (2013).pdf:pdf},
keywords = {IRENA publication, renewable energy employment, re},
number = {December},
title = {{Renewable Energy and Jobs (2013)}},
year = {2013}
}
@article{Solow1987,
abstract = {This paper argues that the empirical disagreement as to whether capital and energy are complements or substitutes is not likely to be reconciled with aggregate data. It demonstrates that price-induced changes in the composition of output can cause either outcome in the aggregate, even if no technical substitution is possible. Substitution by consumers and changes in the relative incomes of consumers and foreigners are identified as key factors in determining which outcome arises.},
author = {Solow, John L},
issn = {00028282},
journal = {The American Economic Review},
number = {4},
pages = {605--614},
publisher = {American Economic Association},
title = {{The Capital-Energy Complementarity Debate Revisited}},
url = {http://www.jstor.org/stable/1814534},
volume = {77},
year = {1987}
}
@article{Husson1994,
author = {Husson, Michel},
file = {:Users/quentin/Documents/Mendeley Desktop/Husson/Husson - 1994 - Le contenu en emploi de la demande finale.pdf:pdf;:Users/quentin/Documents/Mendeley Desktop/Husson/Husson - 1994 - Le contenu en emploi de la demande finale.pdf:pdf},
journal = {La revue de l'IRES},
pages = {1--23},
title = {{Le contenu en emploi de la demande finale}},
volume = {14},
year = {1994}
}
@article{Duhautois2005,
author = {Duhautois, Richard},
file = {:Users/quentin/Documents/Mendeley Desktop/Duhautois/Duhautois - 2005 - Les cr{\'{e}}ations nettes d'emplois la partie visible de l'iceberg.pdf:pdf},
journal = {INSEE Premi{\`{e}}re},
pages = {1--4},
title = {{Les cr{\'{e}}ations nettes d'emplois : la partie visible de l'iceberg}},
volume = {1014},
year = {2005}
}
@article{Garrett2017,
annote = {Il utilise l'"approche synth{\'{e}}tique", en d{\'{e}}composant la demande d'{\'{e}}olienne entre les secteurs. Il prend une d{\'{e}}composition des co{\^{u}}ts en s'appuyant sur une approche bottom-up, puis alloue ces co{\^{u}}ts dans un TES.
Il se distingue ainsi de l'approche "int{\'{e}}gr{\'{e}}e".

Int{\'{e}}ressant car fournit un ancrage th{\'{e}}orique ! Notamment en montrant les poids relatifs attribu{\'{e}}s pour un vecteur de la demande finale.

Mais "limite" notamment pour les importations de turbines. Pourrait {\^{e}}tre int{\'{e}}ressant de comparer une m{\'{e}}thode directe et une m{\'{e}}thode indirecte !},
author = {Garrett-Peltier, Heidi},
doi = {10.1016/j.econmod.2016.11.012},
file = {:Users/quentin/Documents/Mendeley Desktop/Garrett-Peltier/Garrett-Peltier - 2017 - Green versus brown Comparing the employment impacts of energy efficiency, renewable energy, and fossil fuels u.pdf:pdf},
issn = {0264-9993},
journal = {Economic Modelling},
keywords = {C67,D57,Employment multipliers,Energy efficiency,Fiscal policy,Fossil Fuels,Input-output,J20,Q42,Q43,Q56,Renewable energy},
number = {November 2016},
pages = {439--447},
publisher = {Elsevier},
title = {{Green versus brown : Comparing the employment impacts of energy efficiency, renewable energy, and fossil fuels using an input-output model}},
url = {http://dx.doi.org/10.1016/j.econmod.2016.11.012},
volume = {61},
year = {2017}
}
@article{Monteil2007,
author = {Monteil, Philippe and Bouton, Fran{\c{c}}ois},
file = {:Users/quentin/Documents/Mendeley Desktop/Monteil, Bouton/Monteil, Bouton - 2007 - Les subventions et les aides {\`{a}} l'investissement.pdf:pdf},
journal = {INSEE},
keywords = {en avril 2007,notes m{\'{e}}thodologiques parues jusqu},
title = {{Les subventions et les aides {\`{a}} l'investissement}},
url = {http://www.insee.fr/fr/indicateurs/cnat{\_}annu/base{\_}2000/documentation/methodologie/nb5.pdf},
volume = {5},
year = {2007}
}
@article{Dissou2015,
abstract = {Despite substantial interest in the role of energy in the economy, the degree of substitutability between energy and other production inputs and the way energy should be included in the production function remain unresolved issues. This study provides industry-level parameter estimates of two-level constant elasticity of substitution (CES) functions that include capital, labor and energy inputs and allow for technological change, for Canada. In contrast to many existing studies, we do not impose prior restrictions on the order of input nesting, and we report the estimates for three possible specifications. We find that a nested production structure, which first combines labor and energy into a composite good that is then combined with capital, fits the Canadian data best, in terms of respecting the restrictions imposed by cost minimization. We also find rather low elasticities of substitution between capital and labor, and limited evidence of exogenous technological change.},
author = {Dissou, Yazid and Karnizova, Lilia and Sun, Qian},
doi = {10.1007/s11293-014-9443-1},
issn = {1573-9678},
journal = {Atlantic Economic Journal},
number = {1},
pages = {107--121},
title = {{Industry-level Econometric Estimates of Energy-Capital-Labor Substitution with a Nested CES Production Function}},
url = {http://dx.doi.org/10.1007/s11293-014-9443-1},
volume = {43},
year = {2015}
}
@article{Nakano2013,
author = {Nakano, Satoshi and Washizu, Ayu},
file = {:Users/quentin/Documents/Mendeley Desktop/Nakano, Washizu/Nakano, Washizu - 2013 - Development of a Japanese Input-Output Table for Renewable Energy and Smart Grid Systems.pdf:pdf},
title = {{Development of a Japanese Input-Output Table for Renewable Energy and Smart Grid Systems}},
year = {2013}
}
@article{Martin2014a,
author = {Martin, Jean-Christophe and Becuwe, Stephane},
doi = {10.1007/s10666-013-9396-9},
file = {:Users/quentin/Documents/Mendeley Desktop/Martin, Becuwe/Martin, Becuwe - 2014 - Regionalising the Results of a National Structural Decomposition Analysis of Greenhouse Gas Emissions An Applica.pdf:pdf},
issn = {1420-2026},
journal = {Environmental Modeling {\&} Assessment},
keywords = {economy,greenhouse gas emissions,input,output,regional,structural decomposition analysis},
month = {jan},
number = {4},
pages = {257--269},
title = {{Regionalising the Results of a National Structural Decomposition Analysis of Greenhouse Gas Emissions: An Application to Aquitaine Region}},
url = {http://link.springer.com/10.1007/s10666-013-9396-9},
volume = {19},
year = {2014}
}
@techreport{EuropeanUnion2013,
abstract = {Greenhouse gases emitted by human activities are warming the Earth and causing changes in the global climate with increasingly severe human, economic and environmental impacts. Scientific evidence indicates that, to prevent climate change from reaching the most dangerous proportions, the world needs to stop the growth in emissions of greenhouse gases by 2020 at the latest and then reduce them sharply - by at least half of 1990 levels by 2050, and more after that. Emissions trading systems are among the most cost-effective tools for cutting greenhouse gas emissions. The European Union launched the EU Emissions Trading System (EU ETS) in 2005 as the cornerstone of its strategy for cutting emissions of carbon dioxide (CO2) and other greenhouse gases at least cost. In contrast to traditional ‘command and control' regulation, emissions trading harnesses market forces to find the cheapest ways of reducing emissions. The EU ETS is the world's first major carbon market and remains by far the biggest today. The first international emissions trading system to address greenhouse gas emissions from companies, the European system accounts for over three-quarters of the trading volume of the international carbon market and functions as its engine. By putting a price on carbon and thereby giving a financial value to each tonne of emissions saved, the EU ETS has placed climate change on the agenda of company boards across Europe. A sufficiently high carbon price also promotes investment in clean, low-carbon technologies. By allowing companies to buy credits from emission-saving projects around the world, the EU ETS also acts as a major driver of investment in clean technologies and low-carbon solutions, particularly in developing countries. While the regulatory framework of the EU ETS was largely unchanged for the first two trading periods of its operation, the beginning of the third trading period in 2013 brings a major reform based on common rules which will strengthen the system. This factsheet explains the EU ETS as it stood in October 2013},
author = {{European Union}},
doi = {10.2834/55480},
file = {:Users/quentin/Documents/Mendeley Desktop/European Union/European Union - 2013 - The EU Emissions Trading System ( EU ETS ).pdf:pdf},
institution = {European Commission, Publications Office},
isbn = {9789279329623},
pages = {6},
title = {{The EU Emissions Trading System ( EU ETS )}},
year = {2013}
}
@article{Madlener2007,
abstract = {This paper reports on an empirical investigation about the economic and CO2 mitigation impacts of bioenergy promotion in the Austrian federal province of Vorarlberg. We study domestic value-added, employment, and fiscal effects by means of a static input–output analysis. The bioenergy systems analysed comprise biomass district heating, pellet heating, and automated wood chip heating systems, as well as logwood stoves and boilers, ceramic stoves, and buffer storage systems. The results indicate that gross economic effects are significant, regarding both investment and operation of the systems, and that the negative economic effects caused by the displacement of conventional decentralised heating systems might be in the order of 20–40{\%}. Finally, CO2 mitigation effects are substantial, contributing already in 2004 around 35{\%} of the 2010 CO2 mitigation target of the Land Vorarlberg for all renewable energy sources.},
author = {Madlener, Reinhard and Koller, Martin},
doi = {10.1016/j.enpol.2007.08.023},
issn = {03014215},
journal = {Energy Policy},
number = {12},
pages = {6021--6035},
title = {{Economic and CO2 mitigation impacts of promoting biomass heating systems: An input-output study for Vorarlberg, Austria}},
volume = {35},
year = {2007}
}
@article{Goulder1994,
author = {Goulder, Lawrence H.},
file = {:Users/quentin/Documents/Mendeley Desktop/Goulder/Goulder - 1994 - Environmental taxation and the double dividend a reader's guide.pdf:pdf},
journal = {International Tax and Public Finance},
number = {2},
pages = {157--183},
title = {{Environmental taxation and the "double-dividend": a reader's guide}},
volume = {2},
year = {1994}
}
@techreport{UNHandbook1999,
author = {{United Nations}},
file = {:Users/quentin/Documents/Mendeley Desktop/Unknown/Unknown - 1999 - Studies in Methods Handbook of National Accounting Series F , No . 74.pdf:pdf},
institution = {United Nations, Department for Economic and Social Affairs, Statistic Division},
isbn = {9211614163},
number = {74},
title = {{Studies in Methods Handbook of National Accounting}},
year = {1999}
}
@techreport{ADEME2013,
author = {Callonnec, Gael and Landa, G and Maillet, P and Rey},
file = {:Users/quentin/Documents/Mendeley Desktop/Callonnec et al/Callonnec et al. - 2013 - L'{\'{e}}valuation macro{\'{e}}conomique des visions {\'{e}}nerg{\'{e}}tiques 2030-2050 de l'ADEME.pdf:pdf},
institution = {OFCE ADEME},
title = {{L'{\'{e}}valuation macro{\'{e}}conomique des visions {\'{e}}nerg{\'{e}}tiques 2030-2050 de l'ADEME}},
year = {2013}
}
@article{Francq1990,
author = {Francq, Thierry and {\'{E}}conomie, In and De, Aspects},
file = {:Users/quentin/Documents/Mendeley Desktop/Francq, {\'{E}}conomie, De/Francq, {\'{E}}conomie, De - 1990 - Contenu en importations et contrainte ext{\'{e}}rieure.pdf:pdf},
journal = {Economie et pr{\'{e}}vision},
pages = {171--177},
title = {{Contenu en importations et contrainte ext{\'{e}}rieure}},
year = {1990}
}
@techreport{EurostatNom2008,
author = {Eurostat},
file = {:Users/quentin/Documents/Mendeley Desktop/Eurostat/Eurostat - 2008 - Nomenclature statistiques des activit{\'{e}}s {\'{e}}conomiques dans la Communaut{\'{e}} europ{\'{e}}enne.pdf:pdf},
institution = {Eurostat},
isbn = {9789279047428},
title = {{Nomenclature statistiques des activit{\'{e}}s {\'{e}}conomiques dans la Communaut{\'{e}} europ{\'{e}}enne}},
year = {2008}
}
@article{Quirion2007,
author = {Quirion, Philippe and Hamdi-Cherif, Meriem},
doi = {10.1007/s10640-006-9075-2},
file = {:Users/quentin/Documents/Mendeley Desktop/Quirion, Hamdi-Cherif/Quirion, Hamdi-Cherif - 2007 - General equilibrium impact of an energy-saving policy in the public sector.pdf:pdf},
isbn = {1064000690752},
issn = {0924-6460},
journal = {Environmental and Resource Economics},
keywords = {Employment,conference participants at the,earlier versions of this,employment,energy conservation,european council,general equilibrium,h57,jel classification codes e62,multi-sectors models,paper have benefited from,public spending,q38,resource conservation},
mendeley-tags = {Employment},
month = {jan},
number = {2},
pages = {245--258},
title = {{General equilibrium impact of an energy-saving policy in the public sector}},
url = {http://link.springer.com/10.1007/s10640-006-9075-2},
volume = {38},
year = {2007}
}
@article{Alvarez,
author = {{\'{A}}lvarez, Gabriel Calzada},
file = {:Users/quentin/Documents/Mendeley Desktop/{\'{A}}lvarez/{\'{A}}lvarez - Unknown - Study of the effects on employment of public aid to renewable energy sources.pdf:pdf},
title = {{Study of the effects on employment of public aid to renewable energy sources}}
}
@unpublished{Rudinger2013,
author = {Rudinger, Andreas},
file = {:Users/quentin/Documents/Mendeley Desktop/Rudinger/Rudinger - 2013 - La r{\'{e}}novation thermique des b{\^{a}}timents en France et en Allemagne quels enseignements pour le d{\'{e}}bat sur la transit.pdf:pdf},
institution = {IDDRI},
title = {{La r{\'{e}}novation thermique des b{\^{a}}timents en France et en Allemagne : quels enseignements pour le d{\'{e}}bat sur la transition {\'{e}}nerg{\'{e}}tique ?}},
year = {2013}
}
@techreport{Pasquier2012,
author = {Pasquier, Jean-Louis},
booktitle = {Le Point Sur},
file = {:Users/quentin/Documents/Mendeley Desktop/Pasquier/Pasquier - 2012 - L'empreinte carbone de la consommation des Fran{\c{c}}ais {\'{e}}volution de 1990 {\`{a}} 2007.pdf:pdf},
institution = {Commissariat g{\'{e}}n{\'{e}}ral au d{\'{e}}veloppement durable},
title = {{L'empreinte carbone de la consommation des Fran{\c{c}}ais : {\'{e}}volution de 1990 {\`{a}} 2007}},
year = {2012}
}
@article{Riordan1986,
author = {O'Riordan, William K},
file = {:Users/quentin/Documents/Mendeley Desktop/Riordan/Riordan - 1986 - An Alternative Measure of Employment Intensity.pdf:pdf},
journal = {The Economic and Social Review},
keywords = {contenu en emploi},
mendeley-tags = {contenu en emploi},
number = {1},
pages = {27--41},
title = {{An Alternative Measure of Employment Intensity}},
volume = {18},
year = {1986}
}
@techreport{RTE2010,
author = {RTE},
doi = {EEEE},
file = {:Users/quentin/Documents/Mendeley Desktop/RTE/RTE - 2010 - Statistiques de l'Energie Electrique en France.pdf:pdf},
pages = {35},
title = {{Statistiques de l'Energie Electrique en France}},
url = {http://www.rte-france.com/sites/default/files/statistiques{\_}annuelles{\_}2010.pdf},
year = {2010}
}
@techreport{debeir2011,
author = {Beir, Jean De and Emond, C{\'{e}}line and L'Horty, Yannick and Tuffery, Laetitia},
title = {{Comment d{\'{e}}velopper les emplois favorables {\`{a}} la biodiversit{\'{e}} en Ile-de-France ?}},
year = {2011}
}
@techreport{OECD2012,
abstract = {The greening of the labour market will create new opportunities for workers, but also new risks that could undermine political support for green growth policies. Accordingly, labour market and skills policy should also seek to maximise the benefits of green growth for workers while assuring that unavoidable adjustment costs are shared fairly. This report aims to provide guidance for how best labour market and skill development policy can contribute to a fast, efficient and fair transition to a low carbon and resource efficient economy, particularly in developed countries. This paper represents the final OECD report for the European Commission project on "The jobs potential of a shift towards a low-carbon economy" (VS/2010/0618 – S12.576453).},
author = {OECD},
doi = {10.1787/5k9h3630320v-en},
file = {:Users/quentin/Documents/Mendeley Desktop/OECD/OECD - 2012 - The jobs potential of a shift towards a low-carbon economy.pdf:pdf;:Users/quentin/Documents/Mendeley Desktop/OECD/OECD - 2012 - The jobs potential of a shift towards a low-carbon economy.pdf:pdf},
institution = {Directorate for Employment, Labour and Social Affairs},
number = {June},
title = {{The jobs potential of a shift towards a low-carbon economy}},
year = {2012}
}
@article{Barlet2009,
author = {Barlet, Muriel and Blanchet, Didier and Cursson, Laure},
file = {:Users/quentin/Documents/Mendeley Desktop/Barlet, Blanchet, Cursson/Barlet, Blanchet, Cursson - 2009 - Globalisation et flux d'emploi que peut dire une approche comptable.pdf:pdf},
journal = {Economie et statistique},
pages = {3--20},
title = {{Globalisation et flux d'emploi : que peut dire une approche comptable ?}},
volume = {427-428},
year = {2009}
}
@article{Ang2004,
annote = {The LMDI I can be shown to converge when the zero values in the data set are replaced by a small positive number


LMDI statisfy the factor-reversal test (the most important, also called completeness) i.e. they give perfect decomposition.
And also the time-reversal test.},
author = {Ang, Beng Wah},
doi = {10.1016/S0301-4215(03)00076-4},
file = {:Users/quentin/Documents/Mendeley Desktop/Ang/Ang - 2004 - Decomposition analysis for policymaking in energy which is the preferred method.pdf:pdf},
issn = {03014215},
journal = {Energy Policy},
keywords = {decomposition analysis,decomposition techniques,divisia index,laspeyres index},
month = {jun},
number = {9},
pages = {1131--1139},
title = {{Decomposition analysis for policymaking in energy: which is the preferred method?}},
url = {http://linkinghub.elsevier.com/retrieve/pii/S0301421503000764},
volume = {32},
year = {2004}
}
@article{Lantz2009,
author = {Lantz, E and Nrel, S Tegen},
file = {:Users/quentin/Documents/Mendeley Desktop/Lantz, Nrel/Lantz, Nrel - 2009 - NREL Response to the Report Study of the Effects on Employment of Public Aid to Renewable Energy Sources from King.pdf:pdf},
keywords = {August 2009,King Juan Carlos University of Spain,NREL,NREL/TP-6A2-46261,RE,U.S. jobs,analysis,employment,enegy sources,job development,job generation,job impacts,manufacturing,renewable energy},
number = {August},
title = {{NREL Response to the Report "Study of the Effects on Employment of Public Aid to Renewable Energy Sources" from King Juan Carlos University (Spain) (White Paper)}},
year = {2009}
}
@article{Ang2005,
author = {Ang, Beng Wah},
doi = {10.1016/j.enpol.2003.10.010},
file = {:Users/quentin/Documents/Mendeley Desktop/Ang/Ang - 2005 - The LMDI approach to decomposition analysis a practical guide.pdf:pdf},
issn = {03014215},
journal = {Energy Policy},
keywords = {1,assume that,contributing to changes in,decomposition analysis,divisia index,energy-related aggregate,index decomposition analysis,let v be an,lmdi,the lmdi formulation process,there are n factors,v over},
month = {may},
number = {7},
pages = {867--871},
title = {{The LMDI approach to decomposition analysis: a practical guide}},
url = {http://linkinghub.elsevier.com/retrieve/pii/S0301421503003136},
volume = {33},
year = {2005}
}
@article{Blazejczak2014,
author = {Blazejczak, J{\"{u}}rgen and Braun, Frauke G and Edler, Dietmar and Schill, Wolf-peter},
doi = {10.1016/j.rser.2014.07.134},
file = {:Users/quentin/Documents/Mendeley Desktop/Blazejczak et al/Blazejczak et al. - 2014 - Economic effects of renewable energy expansion A model-based analysis for Germany.pdf:pdf},
issn = {1364-0321},
journal = {Renewable and Sustainable Energy Reviews},
keywords = {,Germany,Net economic effects,Renewable energy},
pages = {1070--1080},
publisher = {Elsevier},
title = {{Economic effects of renewable energy expansion : A model-based analysis for Germany}},
url = {http://dx.doi.org/10.1016/j.rser.2014.07.134},
volume = {40},
year = {2014}
}
@article{DeBeir2015,
author = {{De Beir}, Jean and Edmond, C{\'{e}}line and L'Horty, Yannick and Tuffery, Laetitia},
file = {:Users/quentin/Documents/Mendeley Desktop/De Beir et al/De Beir et al. - 2015 - Les emplois favorables {\`{a}} la biodiversit{\'{e}} e. - 2015 - Les emplois favorables {\`{a}} la biodiversit{\'{e}} en {\^{I}}le-de-France: - 2015 - Les emplois favorables {\`{a}} la biodiversit{\'{e}} en {\^{I}}le-de-France},
journal = {Economie et pr{\'{e}}vision},
number = {206-207},
pages = {143--155},
title = {{Les emplois favorables {\`{a}} la biodiversit{\'{e}} en {\^{I}}le-de-France}},
volume = {2015/1},
year = {2015}
}
@article{Guimbert2002,
author = {Guimbert, St{\'{e}}phane},
file = {:Users/quentin/Documents/Mendeley Desktop/Guimbert/Guimbert - 2002 - La situation de l'emploi en France face aux {\'{e}}changes internationaux.pdf:pdf},
journal = {Economie et pr{\'{e}}vision},
pages = {189--206},
title = {{La situation de l'emploi en France face aux {\'{e}}changes internationaux}},
volume = {152-153},
year = {2002}
}
@unpublished{Chancel2014,
abstract = {Id{\'{e}}e: La baisse des gains de productivit{\'{e}} semble annoncer une p{\'{e}}riode de faible croissance. Partager le temps de travail, pour r{\'{e}}duire le ch{\^{o}}mage, mais aussi la consommation et les {\'{e}}missions.},
author = {Chancel, Lucas and Demailly, Damien},
file = {:Users/quentin/Documents/Mendeley Desktop/Chancel, Demailly/Chancel, Demailly - 2014 - Les politiques de l'emploi face {\`{a}} la croissance faible.pdf:pdf},
institution = {IDDRI},
title = {{Les politiques de l'emploi face {\`{a}} la croissance faible}},
year = {2014}
}
@techreport{ADEME2012,
author = {ADEME and {In Numeri}},
file = {:Users/quentin/Documents/Mendeley Desktop/ADEME, In Numeri/ADEME, In Numeri - 2012 - March{\'{e}}s, emplois et enjeux {\'{e}}nerg{\'{e}}tiques des activit{\'{e}}s li{\'{e}}es {\`{a}} l'am{\'{e}}lioration de l'efficacit{\'{e}} {\'{e}}ne.pdf:pdf},
title = {{March{\'{e}}s, emplois et enjeux {\'{e}}nerg{\'{e}}tiques des activit{\'{e}}s li{\'{e}}es {\`{a}} l'am{\'{e}}lioration de l'efficacit{\'{e}} {\'{e}}nerg{\'{e}}tique et aux {\'{e}}nergies renouvelables : situation 2010-2011 – Pr{\'{e}}visions 2012}},
year = {2012}
}
@article{Pearce1991,
author = {Pearce, David},
journal = {Economic Journal},
number = {407},
pages = {938--48},
title = {{The role of carbon taxes in adjusting to global warming}},
volume = {101},
year = {1991}
}
@phdthesis{Martin2010,
author = {Martin, Jean-Christophe},
file = {:Users/quentin/Documents/Mendeley Desktop/Martin/Martin - 2010 - Impact {\'{e}}conomiques d'une politique de r{\'{e}}duction des {\'{e}}missions de gaz {\`{a}} effet de serre dans la r{\'{e}}gion Aquitaine.pdf:pdf},
title = {{Impact {\'{e}}conomiques d'une politique de r{\'{e}}duction des {\'{e}}missions de gaz {\`{a}} effet de serre dans la r{\'{e}}gion Aquitaine}},
year = {2010}
}
@techreport{InNumeri2016,
author = {{In Numeri}},
file = {:Users/quentin/Documents/Mendeley Desktop/In Numeri/In Numeri - 2016 - March{\'{e}}s et emplois li{\'{e}}s {\`{a}} l'efficacit{\'{e}} {\'{e}}nerg{\'{e}}tique et aux {\'{e}}nergies renouvelables situation 2014-2014 et pers.pdf:pdf},
institution = {Etude pour l'ADEME},
pages = {510},
title = {{March{\'{e}}s et emplois li{\'{e}}s {\`{a}} l'efficacit{\'{e}} {\'{e}}nerg{\'{e}}tique et aux {\'{e}}nergies renouvelables : situation 2014-2014 et perspectives {\`{a}} court terme}},
url = {http://www.ademe.fr/marches-emplois-lies-a-lefficacite-energetique-energies-renouvelables-situation-2012-2013-perspectives-a-court-terme},
year = {2016}
}
@techreport{Bruyn2014,
address = {Delft},
author = {Bruyn, Sander De and Warringa, Geert},
file = {:Users/quentin/Documents/Mendeley Desktop/Bruyn, Warringa/Bruyn, Warringa - 2014 - Review of the Impact Assessment for a 2030 climate and energy policy framework.pdf:pdf},
institution = {CE Delft, Etude pour la European Climate Foundation},
number = {14.7C72.19},
pages = {1--44},
title = {{Review of the Impact Assessment for a 2030 climate and energy policy framework}},
year = {2014}
}
@article{Lehr2008,
author = {Lehr, Ulrike and Nitsch, Joachim and Kratzat, Marlene and Lutz, Christian and Edler, Dietmar and Nitsch, Joachim and Kratzat, Marlene and Lutz, Christian and Edler, Dietmar},
doi = {10.1016/j.enpol.2007.09.004},
file = {:Users/quentin/Documents/Mendeley Desktop/Lehr et al/Lehr et al. - 2008 - Renewable energy and employment in Germany.pdf:pdf},
issn = {03014215},
journal = {Energy Policy},
keywords = {Economic effects,Macroeconomic modeling,Renewable energy,input,net economic effects,output analysis,renewable energy},
number = {1},
pages = {108--117},
publisher = {Elsevier},
title = {{Renewable energy and employment in Germany}},
url = {http://linkinghub.elsevier.com/retrieve/pii/S0301421512003928 http://linkinghub.elsevier.com/retrieve/pii/S0301421507003850},
volume = {36},
year = {2008}
}
@techreport{Cotis2009,
author = {Cotis, Jean-Philippe},
file = {:Users/quentin/Documents/Mendeley Desktop/Cotis/Cotis - 2009 - Partage de la valeur ajout{\'{e}}e, partage des profits net {\'{e}}carts de r{\'{e}}mun{\'{e}}rations en France.pdf:pdf},
institution = {Etude de l'Insee pour le Pr{\'{e}}sident de la R{\'{e}}publique},
pages = {1--90},
title = {{Partage de la valeur ajout{\'{e}}e, partage des profits net {\'{e}}carts de r{\'{e}}mun{\'{e}}rations en France}},
url = {http://www.ladocumentationfrancaise.fr/var/storage/rapports-publics/094000213.pdf},
year = {2009}
}
@article{Wei2010,
abstract = {An analytical job creation model for the US power sector from 2009 to 2030 is presented. The model synthesizes data from 15 job studies covering renewable energy (RE), energy efficiency (EE), carbon capture and storage (CCS) and nuclear power. The paper employs a consistent methodology of normalizing job data to average employment per unit energy produced over plant lifetime. Job losses in the coal and natural gas industry are modeled to project net employment impacts. Benefits and drawbacks of the methodology are assessed and the resulting model is used for job projections under various renewable portfolio standards (RPS), EE, and low carbon energy scenarios We find that all non-fossil fuel technologies (renewable energy, EE, low carbon) create more jobs per unit energy than coal and natural gas. Aggressive EE measures combined with a 30{\%} RPS target in 2030 can generate over 4 million full-time-equivalent job-years by 2030 while increasing nuclear power to 25{\%} and CCS to 10{\%} of overall generation in 2030 can yield an additional 500,000 job-years. ?? 2009 Elsevier Ltd. All rights reserved.},
author = {Wei, Max and Patadia, Shana and Kammen, Daniel M.},
doi = {10.1016/j.enpol.2009.10.044},
file = {:Users/quentin/Documents/Mendeley Desktop/Wei, Patadia, Kammen/Wei, Patadia, Kammen - 2010 - Putting renewables and energy efficiency to work How many jobs can the clean energy industry generate in t.pdf:pdf},
isbn = {0301-4215},
issn = {03014215},
journal = {Energy Policy},
keywords = {,Energy efficiency employment,Green jobs,Renewable energy employment},
number = {2},
pages = {919--931},
publisher = {Elsevier},
title = {{Putting renewables and energy efficiency to work: How many jobs can the clean energy industry generate in the US?}},
url = {http://dx.doi.org/10.1016/j.enpol.2009.10.044},
volume = {38},
year = {2010}
}
@article{Scott2008,
author = {Scott, Michael J. and Roop, Joseph M. and Schultz, Robert W. and Anderson, David M. and Cort, Katherine a.},
doi = {10.1016/j.eneco.2007.09.001},
file = {:Users/quentin/Documents/Mendeley Desktop/Scott et al/Scott et al. - 2008 - The impact of DOE building technology energy efficiency programs on U.S. employment, income, and investment.pdf:pdf},
issn = {01409883},
journal = {Energy Economics},
number = {5},
pages = {2283--2301},
title = {{The impact of DOE building technology energy efficiency programs on U.S. employment, income, and investment}},
url = {http://linkinghub.elsevier.com/retrieve/pii/S0140988307001119},
volume = {30},
year = {2008}
}
@article{Bosquet2000,
abstract = {Environmental tax reform is the process of shifting the tax burden from employment, income and investment, to pollution, resource depletion and waste. Can environmental tax reform produce a double dividend - help the environment without hurting the economy? This paper reviews the practical experience and available modeling studies. It concludes that when environmental tax revenues are used to reduce payroll taxes, and if wage-price inflation is prevented, significant reductions in pollution, small gains in employment, and marginal gains or losses in production are likely in the short to medium term, while investments fall back and prices increase. Results are less certain in the long term. They might be more positive if models selected welfare instead of production indicators for the second dividend, and if several important variables, such as wage rigidities and the feedback of environmental quality on production, were factored into simulations. (C) 2000 Elsevier Science B.V.},
author = {Bosquet, Beno{\^{i}}t},
doi = {10.1016/S0921-8009(00)00173-7},
file = {:Users/quentin/Documents/Mendeley Desktop/Bosquet/Bosquet - 2000 - Environmental tax reform Does it work A survey of the empirical evidence.pdf:pdf},
isbn = {0921-8009},
issn = {09218009},
journal = {Ecological Economics},
keywords = {Double dividend,Environmental tax reform,Modeling studies},
number = {1},
pages = {19--32},
title = {{Environmental tax reform: Does it work? A survey of the empirical evidence}},
volume = {34},
year = {2000}
}
@techreport{Gretton2013,
author = {Gretton, Paul},
institution = {Australian Government Productivity Commission},
isbn = {9781740374521},
number = {September},
title = {{On input-output tables : uses and abuses}},
year = {2013}
}
@techreport{Insee2016,
author = {Insee},
title = {{Emploi salari{\'{e}} et non salari{\'{e}} par activit{\'{e}} en 2015}},
url = {https://www.insee.fr/fr/statistiques/2424696{\#}tableau-Donnes},
year = {2016}
}
@article{Patuelli2005,
abstract = {In this paper, we offer a meta-analytical synthesis of recent (simulation) studies on environmental tax reform (ETR). The studies considered here look at both environmental effects (e.g., reduction in CO2 emission) and economic effects (e.g., employment gains) consequent upon such a tax reform. The existing statistical results from the literature mainly suggest that the tax type, the recycling policy, and the economic model used in the simulations significantly influence the chance that a 'double dividend' effect can be obtained. These empirical results are, however, not entirely conclusive regarding the question of which combination of policies and models will lead to a higher double dividend. This issue is investigated in our study by a quantitative meta-analytic approach. Our meta-analytic statistical experiment demonstrates that the total effect of a tax-and-recycle policy has a significant influence on the economic variables (second dividend), when employment is used. It is also shown that different definitions of the double dividend contribute in determining the success of ETR, in particular since the effects on GDP are less clear than for employment. These findings should be taken into consideration when deploying an ETR in a policy context, in order to prevent a situation where ETR is rejected or accepted solely due to characteristics of one simulation study rather than through a wide set of results from different studies.},
author = {Patuelli, Roberto and Nijkamp, Peter and Pels, Eric},
doi = {10.1016/j.ecolecon.2004.12.021},
file = {:Users/quentin/Documents/Mendeley Desktop/Patuelli, Nijkamp, Pels/Patuelli, Nijkamp, Pels - 2005 - Environmental tax reform and the double dividend A meta-analytical performance assessment.pdf:pdf},
isbn = {0921-8009},
issn = {09218009},
journal = {Ecological Economics},
keywords = {Double dividend,Environmental tax reform,Meta-analysis},
number = {4},
pages = {564--583},
title = {{Environmental tax reform and the double dividend: A meta-analytical performance assessment}},
url = {http://linkinghub.elsevier.com/retrieve/pii/S092180090500008X},
volume = {55},
year = {2005}
}
@techreport{INSEE2010,
author = {INSEE},
file = {:Users/quentin/Documents/Mendeley Desktop/INSEE/INSEE - 2010 - L'agriculture en 2010 Rapport sur les comptes:},
title = {{L'agriculture en 2010 : Rapport sur les comptes}},
year = {2010}
}
@article{Clark2015,
author = {Clark, Andrew},
doi = {10.15185/izawol.215},
file = {:Users/quentin/Documents/Mendeley Desktop/Clark/Clark - 2015 - What makes a good job Job quality and job satisfaction.pdf:pdf},
issn = {20549571},
journal = {IZA World of Labor},
keywords = {job quality,job satisfaction,mismatch,welfare},
number = {215},
pages = {1--10},
title = {{What makes a good job? Job quality and job satisfaction}},
url = {http://wol.iza.org/articles/what-makes-good-job-job-quality-and-job-satisfaction},
volume = {2015},
year = {2015}
}
@article{Chiroleu-Assouline2001,
abstract = {[fre] La notion de double dividende se r{\{}{\'{e}}{\}}f{\{}{\`{e}}{\}}re au cas o{\{}{\`{u}}{\}} l'instauration d'une taxe environnementale, {\{}{\`{a}}{\}} recettes budg{\{}{\'{e}}{\}}taires inchang{\{}{\'{e}}{\}}es pour l'Etat, fait appara{\{}{\^{i}}{\}}tre {\{}{\`{a}}{\}} la fois un b{\{}{\'{e}}{\}}n{\{}{\'{e}}{\}}fice environnemental et un b{\{}{\'{e}}{\}}n{\{}{\'{e}}{\}}fice de nature {\{}{\'{e}}{\}}conomique. Les premi{\{}{\`{e}}{\}}res {\{}{\'{e}}{\}}tudes th{\{}{\'{e}}{\}}oriques, en {\{}{\'{e}}{\}}quilibre g{\{}{\'{e}}{\}}n{\{}{\'{e}}{\}}ral, r{\{}{\'{e}}{\}}futaient cette hypoth{\{}{\`{e}}{\}}se de double dividende et montraient qu'au contraire, les taxes environnementales exacerbent, plut{\{}{\^{o}}{\}}t qu'elles n'all{\{}{\`{e}}{\}}gent, les distorsions fiscales pr{\{}{\'{e}}{\}}existantes. Cependant, le r{\{}{\^{o}}{\}}le essentiel jou{\{}{\'{e}}{\}} dans ces r{\{}{\'{e}}{\}}sultats par l'{\{}{\'{e}}{\}}lasticit{\{}{\'{e}}{\}} non compens{\{}{\'{e}}{\}}e de l'offre de travail au pouvoir d'achat du salaire met l'accent sur les hypoth{\{}{\`{e}}{\}}ses fondamentales de ces {\{}{\'{e}}{\}}tudes, {\{}{\`{a}}{\}} savoir la concurrence pure et parfaite et l'{\{}{\'{e}}{\}}quilibre sur le march{\{}{\'{e}}{\}} du travail. Les imperfections de concurrence ainsi que l'existence de ch{\{}{\^{o}}{\}}mage involontaire rendent plus probable l'occurrence d'un double dividende au sens fort, de m{\{}{\^{e}}{\}}me que la prise en compte du r{\{}{\^{o}}{\}}le de la qualit{\{}{\'{e}}{\}} de l'environnement dans les comportements des m{\{}{\'{e}}{\}}nages ou dans la structure productive. [eng] One speaks about double dividend when the revenue neutral substitution of environmental taxes for other taxes leads to both an environmental benefit and an economic one. The first theoretical studies of this question, in a general equilibrium framework, argue that there is no secondary benefit in the sense of a reduction in tax distorsions. However, there are cases in which positive welfare gains can be obtained : when the environmental tax reform involves a tax shirting from labor to other factors or when there are feedbacks effects from environmental quality to the economic system. When studying this issue under the assumptions of imperfect competition and non clearing labour market, the occurrence of a double dividend becomes more likely.},
author = {Chiroleu-Assouline, Mireille},
doi = {10.3406/rfeco.2001.1510},
file = {:Users/quentin/Documents/Mendeley Desktop/Chiroleu-Assouline/Chiroleu-Assouline - 2001 - Le double dividende. Les approches th{\{}{\'{e}}{\}}oriques.pdf:pdf;:Users/quentin/Documents/Mendeley Desktop/Chiroleu-Assouline/Chiroleu-Assouline - 2001 - Le double dividende. Les approches th{\'{e}}oriques(3).pdf:pdf},
isbn = {0769-0479},
issn = {0769-0479},
journal = {Revue fran{\c{c}}aise d'{\'{e}}conomie},
number = {2},
pages = {119--147},
title = {{Le double dividende. Les approches th{\'{e}}oriques}},
volume = {16},
year = {2001}
}
@book{Leontief1986,
address = {New York},
author = {Leontief, Wassily},
file = {:Users/quentin/Documents/Mendeley Desktop/Leontief/Leontief - 1986 - Input-Output Economics.pdf:pdf},
isbn = {9780195035278},
pages = {448},
publisher = {Oxford University Press},
title = {{Input-Output Economics}},
year = {1986}
}
@techreport{CRE2012,
author = {{Commission de R{\'{e}}gulation de l'Energie}},
title = {{D{\'{e}}lib{\'{e}}ration de la CRE du 13 octobre 2011 portant proposition relative aux charges de service public de l'{\'{e}}lectricit{\'{e}} et {\`{a}} la contribution unitaire pour 2012}},
url = {http://www.cre.fr/documents/deliberations/proposition/cspe-et-contribution-unitaire-2012},
year = {2012}
}
@techreport{Dussud2016,
author = {Dussud, Fran{\c{c}}ois-Xavier and Guggemos, Fabien and Riedinger, Nicolas and Cavaud, Denis and Delamare, Karine and Ecoiffier, David and Gong, Zheng and Hag{\`{e}}ge, Claire and {Lepoittevin, DanielLauverjat}, Jean and Misak, Evelyne and Martin, Jean-Philippe and Momber, David and Reynaud, Didier},
booktitle = {Datalab},
file = {:Users/quentin/Documents/Mendeley Desktop/Dussud et al/Dussud et al. - 2016 - Bilan {\'{e}}nerg{\'{e}}tique de la France pour 2015.pdf:pdf},
institution = {Service de l'observation et des statistiques (SOeS)},
issn = {01525425},
pages = {1--152},
title = {{Bilan {\'{e}}nerg{\'{e}}tique de la France pour 2015}},
year = {2016}
}
@article{Freyssinet1977,
author = {Freyssinet, Jacques and Hollard, Michel and Romier, Guy},
journal = {Economie et Statistique},
number = {1},
pages = {39--49},
title = {{Les comptabilit{\'{e}}s sociales en temps de travail}},
volume = {93},
year = {1977}
}
@techreport{Lenglart2010,
author = {Lenglart, Fabrice and Lesieur, Christophe and Pasquier, Jean-Louis},
booktitle = {L'{\'{e}}conomie fran{\c{c}}aise, Insee R{\'{e}}f{\'{e}}rences},
file = {:Users/quentin/Documents/Mendeley Desktop/Lenglart, Lesieur, Pasquier/Lenglart, Lesieur, Pasquier - 2010 - Les {\'{e}}missions de CO2 du circuit {\'{e}}conomique en France.pdf:pdf},
institution = {D{\'{e}}partement des Comptes nationaux de l'Insee, Service de l'observation et des statistiques du Commissariat g{\'{e}}n{\'{e}}ral au d{\'{e}}veloppement durable},
pages = {101--125},
title = {{Les {\'{e}}missions de CO2 du circuit {\'{e}}conomique en France}},
url = {https://www.insee.fr/fr/statistiques/1372483?sommaire=1372485},
year = {2010}
}
@article{Lehr2012,
author = {Lehr, Ulrike and Lutz, Christian and Edler, Dietmar and O'Sullivan, Marlene and Nienhaus, Kristina and Nitsch, Joachim and Breitschopf, Barbara and Bickel, Peter and Ottm{\"{u}}ller, Marion},
doi = {10.1016/j.enpol.2012.04.076},
file = {:Users/quentin/Documents/Mendeley Desktop/Lehr et al/Lehr et al. - 2012 - Green jobs Economic impacts of renewable energy in Germany.pdf:pdf;:Users/quentin/Documents/Mendeley Desktop/Lehr et al/Lehr et al. - 2012 - Green jobs Economic impacts of renewable energy in Germany.pdf:pdf},
issn = {0301-4215},
journal = {Energy Policy},
keywords = {,Economic effects,Macroeconomic modeling,Renewable energy},
pages = {358--364},
publisher = {Elsevier},
title = {{Green jobs? Economic impacts of renewable energy in Germany}},
url = {http://dx.doi.org/10.1016/j.enpol.2012.04.076 http://linkinghub.elsevier.com/retrieve/pii/S0301421512003928},
volume = {47},
year = {2012}
}
@techreport{debeir2011,
author = {{De Beir}, Jean and Emond, C{\'{e}}line and L'Horty, Yannick and Tuff{\'{e}}ry, Laetitia},
keywords = {biodiversit{\{}{\'{e}}{\}},emploi,enqu{\{}{\^{e}}{\}}te,monographie,politique r{\{}{\'{e}}{\}}gionale,simulation},
title = {{Comment d{\'{e}}velopper les emplois favorables {\`{a}} la biodiversit{\'{e}} en Ile-de-France ?}},
url = {https://halshs.archives-ouvertes.fr/halshs-00744940},
year = {2011}
}
@article{Chiroleu-Assouline2001,
abstract = {[fre] La notion de double dividende se r{\{}{\{}{\'{e}}{\}}{\}}f{\{}{\{}{\`{e}}{\}}{\}}re au cas o{\{}{\{}{\`{u}}{\}}{\}} l'instauration d'une taxe environnementale, {\{}{\{}{\`{a}}{\}}{\}} recettes budg{\{}{\{}{\'{e}}{\}}{\}}taires inchang{\{}{\{}{\'{e}}{\}}{\}}es pour l'Etat, fait appara{\{}{\{}{\^{i}}{\}}{\}}tre {\{}{\{}{\`{a}}{\}}{\}} la fois un b{\{}{\{}{\'{e}}{\}}{\}}n{\{}{\{}{\'{e}}{\}}{\}}fice environnemental et un b{\{}{\{}{\'{e}}{\}}{\}}n{\{}{\{}{\'{e}}{\}}{\}}fice de nature {\{}{\{}{\'{e}}{\}}{\}}conomique. Les premi{\{}{\{}{\`{e}}{\}}{\}}res {\{}{\{}{\'{e}}{\}}{\}}tudes th{\{}{\{}{\'{e}}{\}}{\}}oriques, en {\{}{\{}{\'{e}}{\}}{\}}quilibre g{\{}{\{}{\'{e}}{\}}{\}}n{\{}{\{}{\'{e}}{\}}{\}}ral, r{\{}{\{}{\'{e}}{\}}{\}}futaient cette hypoth{\{}{\{}{\`{e}}{\}}{\}}se de double dividende et montraient qu'au contraire, les taxes environnementales exacerbent, plut{\{}{\{}{\^{o}}{\}}{\}}t qu'elles n'all{\{}{\{}{\`{e}}{\}}{\}}gent, les distorsions fiscales pr{\{}{\{}{\'{e}}{\}}{\}}existantes. Cependant, le r{\{}{\{}{\^{o}}{\}}{\}}le essentiel jou{\{}{\{}{\'{e}}{\}}{\}} dans ces r{\{}{\{}{\'{e}}{\}}{\}}sultats par l'{\{}{\{}{\'{e}}{\}}{\}}lasticit{\{}{\{}{\'{e}}{\}}{\}} non compens{\{}{\{}{\'{e}}{\}}{\}}e de l'offre de travail au pouvoir d'achat du salaire met l'accent sur les hypoth{\{}{\{}{\`{e}}{\}}{\}}ses fondamentales de ces {\{}{\{}{\'{e}}{\}}{\}}tudes, {\{}{\{}{\`{a}}{\}}{\}} savoir la concurrence pure et parfaite et l'{\{}{\{}{\'{e}}{\}}{\}}quilibre sur le march{\{}{\{}{\'{e}}{\}}{\}} du travail. Les imperfections de concurrence ainsi que l'existence de ch{\{}{\{}{\^{o}}{\}}{\}}mage involontaire rendent plus probable l'occurrence d'un double dividende au sens fort, de m{\{}{\{}{\^{e}}{\}}{\}}me que la prise en compte du r{\{}{\{}{\^{o}}{\}}{\}}le de la qualit{\{}{\{}{\'{e}}{\}}{\}} de l'environnement dans les comportements des m{\{}{\{}{\'{e}}{\}}{\}}nages ou dans la structure productive. [eng] One speaks about double dividend when the revenue neutral substitution of environmental taxes for other taxes leads to both an environmental benefit and an economic one. The first theoretical studies of this question, in a general equilibrium framework, argue that there is no secondary benefit in the sense of a reduction in tax distorsions. However, there are cases in which positive welfare gains can be obtained : when the environmental tax reform involves a tax shirting from labor to other factors or when there are feedbacks effects from environmental quality to the economic system. When studying this issue under the assumptions of imperfect competition and non clearing labour market, the occurrence of a double dividend becomes more likely.},
author = {Chiroleu-Assouline, Mireille},
doi = {10.3406/rfeco.2001.1510},
file = {:Users/quentin/Documents/Mendeley Desktop/Chiroleu-Assouline/Chiroleu-Assouline - 2001 - Le double dividende. Les approches th{\{}{\'{e}}{\}}oriques.pdf:pdf},
isbn = {0769-0479},
issn = {0769-0479},
journal = {Revue fran{\{}{\c{c}}{\}}aise d'{\{}{\'{e}}{\}}conomie},
number = {2},
pages = {119--147},
title = {{Le double dividende. Les approches th{\{}{\'{e}}{\}}oriques}},
volume = {16},
year = {2001}
}
@article{Dong2010,
author = {Dong, Yanli and Ishikawa, Masanobu and Liu, Xianbing and Wang, Can},
doi = {10.1016/j.enpol.2010.06.050},
file = {:Users/quentin/Documents/Mendeley Desktop/Dong et al/Dong et al. - 2010 - An analysis of the driving forces of CO2 emissions embodied in Japan-China trade.pdf:pdf},
issn = {03014215},
journal = {Energy Policy},
keywords = {CO2 embodiment,Index decomposition analysis,Japan–China trade},
month = {nov},
number = {11},
pages = {6784--6792},
publisher = {Elsevier},
title = {{An analysis of the driving forces of CO2 emissions embodied in Japan-China trade}},
url = {http://linkinghub.elsevier.com/retrieve/pii/S0301421510005148},
volume = {38},
year = {2010}
}
@article{Quirion2013,
author = {Quirion, Philippe},
file = {:Users/quentin/Documents/Mendeley Desktop/Quirion/Quirion - 2013 - L'effet net sur l'emploi de la transition {\'{e}}nerg{\'{e}}tique en France Une analyse input-output du sc{\'{e}}nario n{\'{e}}gaWatt.pdf:pdf},
institution = {Cired},
journal = {CIRED Working Papers},
number = {46},
title = {{L'effet net sur l'emploi de la transition {\'{e}}nerg{\'{e}}tique en France : Une analyse input-output du sc{\'{e}}nario n{\'{e}}gaWatt}},
url = {http://www2.centre-cired.fr/IMG/pdf/CIREDWP-201346.pdf},
volume = {2013},
year = {2013}
}
@article{Muller,
author = {Muller, Adrian},
file = {:Users/quentin/Documents/Mendeley Desktop/Muller/Muller - 2006 - Putting decomposition of energy use and pollution on a firm footing - clarifications on the residual , zero and negative.pdf:pdf},
institution = {G{\"{o}}teborg University. School of Business, Economics and Law},
journal = {G{\"{o}}teborg University, Working Papers in Economics},
keywords = {decomposition analysis,divisia index,emissions,en-,ergy consumption,logarithmic mean},
pages = {1--25},
title = {{Putting decomposition of energy use and pollution on a firm footing - clarifications on the residual , zero and negative values and strategies to assess the performance of decomposition methods}},
volume = {215},
year = {2006}
}
@article{Llera2013,
author = {Llera, E and Scarpellini, S and Aranda, A and Zabalza, I},
doi = {10.1016/j.rser.2012.12.053},
file = {:Users/quentin/Documents/Mendeley Desktop/Llera et al/Llera et al. - 2013 - Forecasting job creation from renewable energy deployment through a value-chain approach.pdf:pdf},
issn = {1364-0321},
journal = {Renewable and Sustainable Energy Reviews},
keywords = {Employment,Renewable energy,Semi-empirical model,Socio-economic impact},
pages = {262--271},
publisher = {Elsevier},
title = {{Forecasting job creation from renewable energy deployment through a value-chain approach}},
url = {http://dx.doi.org/10.1016/j.rser.2012.12.053},
volume = {21},
year = {2013}
}
@article{KfW2011,
author = {{Institute for Energy and Climate Research} and (IEK-STE), Systems Analysis and Technology Evaluation and Evaluation, Technology},
file = {:Users/quentin/Documents/Mendeley Desktop/Institute for Energy and Climate Research, (IEK-STE), Evaluation/Institute for Energy and Climate Research, (IEK-STE), Evaluation - 2011 - Impact on public budgets of KfW promotional programmes in the.pdf:pdf},
keywords = {KfW},
mendeley-tags = {KfW},
title = {{Impact on public budgets of KfW promotional programmes in the fiel of "energy-efficient building and rehabilitation"}},
year = {2011}
}
@article{Quarterly2014,
author = {Quarterly, The},
file = {:Users/quentin/Documents/Mendeley Desktop/Quarterly/Quarterly - 2014 - Taxes and Subsidies in Leontief ' s Input-Output Model Author ( s ) Lloyd A . Metzler Source The Quarterly Journal o.pdf:pdf},
number = {3},
pages = {433--438},
title = {{Taxes and Subsidies in Leontief ' s Input-Output Model Author ( s ): Lloyd A . Metzler Source : The Quarterly Journal of Economics , Vol . 65 , No . 3 ( Aug ., 1951 ), pp . 433-438}},
volume = {65},
year = {2014}
}
@article{Neuwahl2008,
abstract = {This paper analyses the employment consequences of policies aimed to support biofuels in the European Union. The promotion of biofuel use has been advocated as a means to promote the sustainable use of natural resources and to reduce greenhouse gas emissions originating from transport activities on the one hand, and to reduce dependence on imported oil and thereby increase security of the European energy supply on the other hand. The employment impacts of increasing biofuels shares are calculated by taking into account a set of elements comprising the demand for capital goods required to produce biofuels, the additional demand for agricultural feedstock, higher fuel prices or reduced household budget in the case of price subsidisation, price effects ensuing from a hypothetical world oil price reduction linked to substitution in the EU market, and price impacts on agro-food commodities. The calculations refer to scenarios for the year 2020 targets as set out by the recent Renewable Energy Roadmap. Employment effects are assessed in an input–output framework taking into account bottom-up technology information to specify biofuels activities and linked to partial equilibrium models for the agricultural and energy sectors. The simulations suggest that biofuels targets on the order of 10–15{\%} could be achieved without adverse net employment effects.},
author = {Neuwahl, Frederik and L{\"{o}}schel, Andreas and Mongelli, Ignazio and Delgado, Luis},
doi = {10.1016/j.ecolecon.2008.04.018},
file = {:Users/quentin/Documents/Mendeley Desktop/Neuwahl et al/Neuwahl et al. - 2008 - Employment impacts of EU biofuels policy Combining bottom-up technology information and sectoral market simulati.pdf:pdf},
issn = {09218009},
journal = {Ecological Economics},
number = {1},
pages = {447--460},
title = {{Employment impacts of EU biofuels policy: Combining bottom-up technology information and sectoral market simulations in an input-output framework}},
volume = {68},
year = {2008}
}
@techreport{BIPE2012,
author = {BIPE},
file = {:Users/quentin/Documents/Mendeley Desktop/BIPE/BIPE - 2012 - Contribution du BIPE au Livre Blanc du SER – fili{\`{e}}res photovolta{\"{i}}que , {\'{e}}olienne et biomasse.pdf:pdf},
title = {{Contribution du BIPE au Livre Blanc du SER – fili{\`{e}}res photovolta{\"{i}}que , {\'{e}}olienne et biomasse}},
year = {2012}
}
@article{Fiorito2016,
abstract = {The simultaneous influence of increasing oil scarcity, greenhouse gas control and renewable energy targets will result in a future of sustained energy prices. Whether modern economies can find a smooth path away from fossil fuels is a fundamental socio-economic and political question, which according to standard economics depends to a large extent on the degree of substitution between energy and capital. We study this issue by modelling the manufacturing sector with a translog cost function in seven OECD countries using the EU-KLEMS database for the period 1970–2005. After a literature survey, different production structures accounting for input substitution, returns to scale and technical change are estimated, and substitution elasticities are derived. Our results indicate a general complementarity or weak substitution relationship between energy and capital, suggesting that an increase in energy price, e.g. due to climate policy or scarcer fossil fuels, will likely reduce capital inputs, which might lead to a lower output of manufacturing.},
author = {Fiorito, Giancarlo and van den Bergh, Jeroen C J M},
doi = {10.1007/s12053-015-9349-z},
issn = {1570-6478},
journal = {Energy Efficiency},
number = {1},
pages = {49--65},
title = {{Capital-energy substitution in manufacturing for seven OECD countries: learning about potential effects of climate policy and peak oil}},
url = {http://dx.doi.org/10.1007/s12053-015-9349-z},
volume = {9},
year = {2016}
}
@article{Hoekstra2003,
annote = {SDA uses information from input-output tables, while IDA uses aggregate data at the sector level.


When zero values in a method that does not accept them: replace by a small numbers


It is "mathematically impossiblefor some desirable prperties to be simultaneously present in a single index. An index is, therefore, always flawed in some way".


Completeness: a "complete" decomposition has no residual term.},
author = {Hoekstra, Rutger and Bergh, Jeroen J C J M Van Der},
doi = {10.1016/S0140-9883(02)00059-2},
file = {:Users/quentin/Documents/Mendeley Desktop/Hoekstra, Bergh/Hoekstra, Bergh - 2003 - Comparing structural and index decomposition analysis.pdf:pdf},
journal = {Energy Economics},
keywords = {change,co 2 -emissions,comparative static analysis,energy use,index properties,structural change,technological},
pages = {39--64},
title = {{Comparing structural and index decomposition analysis}},
volume = {25},
year = {2003}
}
@article{Hillebrand2006,
author = {Hillebrand, Bernhard and Buttermann, Hans Georg and Behringer, Jean Marc and Bleuel, Michaela},
doi = {10.1016/j.enpol.2005.06.017},
file = {:Users/quentin/Documents/Mendeley Desktop/Hillebrand et al/Hillebrand et al. - 2006 - The expansion of renewable energies and employment effects in Germany.pdf:pdf;:Users/quentin/Documents/Mendeley Desktop/Hillebrand et al/Hillebrand et al. - 2006 - The expansion of renewable energies and employment effects in Germany.pdf:pdf},
issn = {03014215},
journal = {Energy Policy},
keywords = {,employment effects,feed-in tariffs,renewables},
number = {18},
pages = {3484--3494},
title = {{The expansion of renewable energies and employment effects in Germany}},
url = {http://linkinghub.elsevier.com/retrieve/pii/S0301421505001771},
volume = {34},
year = {2006}
}
@book{Eurostat2008a,
abstract = {N.A.},
author = {Eurostat},
booktitle = {Methodologies and working papers, Economy and finance},
doi = {http://ec.europa.eu/eurostat},
file = {:Users/quentin/Documents/Mendeley Desktop/Eurostat/Eurostat - 2008 - Eurostat Manual of Supply, Use and Input-Output Tables.pdf:pdf;:Users/quentin/Documents/Mendeley Desktop/Eurostat/Eurostat - 2008 - Eurostat Manual of Supply, Use and Input-Output Tables.pdf:pdf},
institution = {European Commission},
isbn = {978-92-79-04735-0},
issn = {19770375},
pages = {1--592},
title = {{Eurostat Manual of Supply, Use and Input-Output Tables}},
year = {2008}
}
@article{Societe2015,
author = {Soci{\'{e}}t{\'{e}}, {\'{E}}ducation},
file = {:Users/quentin/Documents/Mendeley Desktop/Soci{\'{e}}t{\'{e}}/Soci{\'{e}}t{\'{e}} - 2015 - Prospective emploi-formation 2015 une nouvelle approche.pdf:pdf},
title = {{Prospective emploi-formation 2015 : une nouvelle approche}},
year = {2015}
}
